<?xml version="1.0" encoding="UTF-8"?><record xmlns="http://www.loc.gov/MARC21/slim" xmlns:cinclude="http://apache.org/cocoon/include/1.0" xmlns:zs="http://www.loc.gov/zing/srw/">
  <leader>00403nz  a2200145n  4500</leader>
  <controlfield tag="001">no2001002088</controlfield>
  <controlfield tag="003">DLC</controlfield>
  <controlfield tag="005">20010110070014.0</controlfield>
  <controlfield tag="008">010109n| acannaabn          |a aaa     c</controlfield>
  <datafield tag="010" ind1=" " ind2=" ">
    <subfield code="a">no2001002088</subfield>
  </datafield>
  <datafield tag="035" ind1=" " ind2=" ">
    <subfield code="a">(OCoLC)oca05389374</subfield>
  </datafield>
  <datafield tag="040" ind1=" " ind2=" ">
    <subfield code="a">MiDU</subfield>
    <subfield code="b">eng</subfield>
    <subfield code="c">MiDU</subfield>
  </datafield>
  <datafield tag="100" ind1="1" ind2=" ">
    <subfield code="a">Peth-Pierce, Robin</subfield>
  </datafield>
  <datafield tag="400" ind1="1" ind2=" ">
    <subfield code="a">Pierce, Robin Peth-</subfield>
  </datafield>
  <datafield tag="670" ind1=" " ind2=" ">
    <subfield code="a">The NICHD study of early child care, [1998]:</subfield>
    <subfield code="b">t.p. (Robin Peth-Pierce)</subfield>
  </datafield>
</record>